@inproceedings{huang1993behavior,
  title={The behavior-knowledge space method for combination of multiple classifiers},
  author={Huang, Yea S and Suen, Ching Y},
  booktitle={IEEE computer society conference on computer vision and pattern recognition},
  pages={347--347},
  year={1993},
  organization={Institute of Electrical Engineers Inc (IEEE)}
}

@book{kuncheva2014combining,
  title={Combining pattern classifiers: methods and algorithms},
  author={Kuncheva, Ludmila I},
  year={2014},
  publisher={John Wiley \& Sons}
}

@article{polikar2006ensemble,
  title={Ensemble based systems in decision making},
  author={Polikar, Robi},
  journal={IEEE Circuits and systems magazine},
  volume={6},
  number={3},
  pages={21--45},
  year={2006},
  publisher={IEEE}
}

@article{ghosh2011evaluation,
  title={Evaluation of decision fusion strategies for effective collaboration among heterogeneous fault diagnostic methods},
  author={Ghosh, Kaushik and Ng, Yew Seng and Srinivasan, Rajagopalan},
  journal={Computers \& chemical engineering},
  volume={35},
  number={2},
  pages={342--355},
  year={2011},
  publisher={Elsevier}
}
